@book{lamport94,
 author = "Leslie Lamport",
 title = "{\LaTeX: A Document Preparation System}",
 year = "1994",
 publisher = "Addison-Wesley",
 edition = "2nd",
 address = "Reading, Massachusetts"
}

@inproceedings{nicepaper1,
  author = "Firstname1 Lastname1 and Firstname2 Lastname2",
  title = "A Very Nice Paper To Cite",
  year = "2016",
  booktitle = "Proceedings of the 49th Annual IEEE/ACM International Symposium on Microarchitecture"
}

@inproceedings{nicepaper2,
  author = "Firstname1 Lastname1 and Firstname2 Lastname2 and Firstname3 Lastname3",
  title = "Another Very Nice Paper to Cite",
  year = "2015",
  booktitle = "Proceedings of the 48th Annual IEEE/ACM International Symposium on Microarchitecture"
}

@inproceedings{nicepaper3,
  author = "Firstname1 Lastname1 and Firstname2 Lastname2 and Firstname3 Lastname3 and Firstname4 Lastname4 and Firstname5 Lastname5 and Firstname6 Lastname6 and Firstname7 Lastname7 and Firstname8 Lastname8 and Firstname9 Lastname9 and Firstname10 Lastname10 and Firstname11 Lastname11 and Firstname12 Lastname12",
  title = "Yet Another Very Nice Paper To Cite, With Many Author Names All Spelled Out",
  year = "2011",
  booktitle = "Proceedings of the 38th Annual International Symposium on Computer Architecture"
}

@IEEEtranBSTCTL{bstctl:etal,
  CTLuse_forced_etal = {no},
}

@IEEEtranBSTCTL{bstctl:nodash,
  CTLdash_repeated_names = {no},
}

@IEEEtranBSTCTL{bstctl:simpurl,
  CTLname_url_prefix = {Available: },
}

@book{lamport94,
    author    = "Leslie Lamport",
    title     = "{\LaTeX: A Document Preparation System}",
    year      = "1994",
    publisher = "Addison-Wesley",
    edition = "2nd",
    address   = "Reading, Massachusetts"
}

@book{goossens93,
    author    = "Michel Goossens and Frank Mittelbach and Alexander Samarin",
    title     = "The LaTeX Companion",
    year      = "1993",
    publisher = "Addison-Wesley",
    address   = "Reading, Massachusetts"
}

@misc{micro47,
    author = "Krisztian Flautner and others",
    title = "{MICRO'47 Conference Site}",
    year = "2014",
    url = "http://www.microarch.org/micro47/",
}

@misc{f1968shared,
  title={Shared-access data processing system},
  author={F, C.J. and L, G.E.},
  url={http://www.google.com/patents/US3412382},
  year={1968},
  month=nov # "~19",
  publisher={Google Patents},
  note={US Patent 3,412,382}
}

@misc{hmc,
    title = "{Micron Hybrid Memory Cube}",
    author  = "Micron",
    howpublished = {\url{http://www.micron.com/products/hybrid-memory-cube}},
}

@misc{dingee:linux,
    author = "Don Dingee",
    title = "{Linux and the ARC of the Coherent}",
    howpublished = {\url{https://www.semiwiki.com/forum/content/3937-linux-arc-coherent.html}},
    year = "2014",
}

@misc{diram,
    title = "{Tezzaron DiRAM}",
    organization  = "Tezzaron Semiconductor",
    howpublished = {\url{http://www.tezzaron.com/products/diram4-3d-memory/}},
}

@misc{neo4j,
    title = "{Neo4j}",
    howpublished = {\url{http://neo4j.com/}},
}

@misc{memsql,
    title = "{MemSQL}",
    howpublished = {\url{http://www.memsql.com/}},
}

@misc{rocksdb,
    title = "{RocksDB}",
    howpublished = {\url{http://rocksdb.org/}},
}

@misc{monetdb,
    title = "{MonetDB}",
    howpublished = {\url{https://www.monetdb.org/Home}},
}

@misc{4gb,
	title = "{4Gb: x4, x8, x16 DDR4 SDRAM - Micron}",
	howpublished = {\url{https://www.micron.com/~/media/documents/products/data-sheet/dram/ddr4/4gb_ddr4_sdram.pdf}},
}

@misc{transparenthugepages,
    author = "{Jonathan Corbet}",
    title = "{Transparent huge pages in 2.6.38}",
    howpublished = {\url{https://lwn.net/Articles/423584/}},
}

@manual{lighugetlbfs,
    organization = "{Red Hat Inc.}",
    title = "{libHugeTLBFS}",
    howpublished = {\url{http://linux.die.net/man/7/libhugetlbfs}},
}

@misc{symantec:getting,
    title = "{Getting The Hang Of IOPS v1.3}",
    howpublished = {\url{http://www.symantec.com/connect/articles/getting-hang-iops-v13}},
}

@misc{horman:understanding,
    author =  "Neil Horman",
    title = "{Understanding Virtual Memory In Red Hat Enterprise Linux 4}",
    howpublished = {\url{http://people.redhat.com/nhorman/papers/rhel4_vm.pdf}},
}


@misc{facebook:rocksdb,
        organization = "{Facebook Inc.}",
    title = "{RocksDB In Memory Workload Performance Benchmarks}",
    howpublished = {\url{https://github.com/facebook/rocksdb/wiki/RocksDB-In-Memory-Workload-Performance-Benchmarks}},
}

@misc{facebook:linkbench,
    organization = "{Facebook Inc.}",
    title = "{Facebook LinkBench Benchmark}",
    howpublished = {\url{https://github.com/facebook/linkbench}},
}

@misc{musicbrainz,
    title = "{MusicBrainz}",
    howpublished = {\url{http://musicbrainz.org/}},
}

@misc{arm:cortex-a7,
	author = "ARM",
	title = "{Cortex-A7 Processor}",
	howpublished = {\url{http://www.arm.com/products/
	processors/cortex-a/cortex-a7.php}},
}

@misc{stackoverflow,
	title = "{Stack Overflow}",
	howpublished = {\url{https://archive.org/details/stackexchange/}},
}


@misc{3dxpoint,
	title = "{Intel, Micron reveal Xpoint, a new memory architecture that could outclass DDR4 and NAND}",
	howpublished = {\url{http://www.extremetech.com/extreme/211087-intel-micron-reveal-xpoint-a-new-memory-architecture-that-claims-to-outclass-both-ddr4-and-nand}},
}

@misc{amazon,
	title = "{Amazon EC2}",
	howpublished = {\url{https://aws.amazon.com/ec2/details/}},
}

@misc{google:tcmalloc,
    organization = "{Google Inc.}",
    title = "{Google Performance Tools}",
    howpublished = {\url{https://code.google.com/p/gperftools/}},
}

@misc{fujitsu:while,
    author = "{Fujitsu Limited}",
    title = "{White paper FUJITSU Supercomputer PRIMEHPC FX100 Evolution to the Next Generation}",
    howpublished = {\url{https://www.fujitsu.com/global/Images/primehpc-fx100-hard-en.pdf}},
    year = "2014",
}

@misc{linux:bootmem,
	title = "{The Linux Kernel Archives: Boot Memory Allocator}",
	howpublished = {\url{https://www.kernel.org/doc/gorman/html/understand/understand008.html#chap: Boot Memory Allocator}},
}

@misc{ocp,
    organization = "{The Open Compute Project}",
	title = "{Open Compute Server: Specs and Designs}",
	howpublished = {\url{http://www.opencompute.org/wiki/Server/SpecsAndDesigns}},
}

@misc{reinders:knights,
    author = "James Reinders",
    title = "{Knights Corner: Your Path to Knights Landing}",
     howpublished = {\url{https://software.intel.com/sites/default/files/managed/e9/b5/Knights-Corner-is-your-path-to-Knights-Landing.pdf}},
    year = "2014",
}

@misc{mammarlund:4th,
    author = "Per Hammarlund",
    title = "{4th Generation Intel~\textregistered~Core~\texttrademark~Processor, codenamed Haswell}",
    howpublished = {\url{http://www.hotchips.org/wp-content/uploads/hc_archives/hc25/HC25.80-Processors2-epub/HC25.27.820-Haswell-Hammarlund-Intel.pdf}},
    year = "2013",
}

@misc{sun:ultrasparc,
    author = "{Sun Microsystems}",
    title = "{UltraSPARC T2 Supplement to the UltraSPARC
Architecture 2007}",
     howpublished = {\url{http://www.oracle.com/technetwork/systems/opensparc/t2-13-ust2-uasuppl-draft-p-ext-1537760.html}},
    year = "2007",
}

@misc{intel:intel,
    organization = "Intel Corporation",
    title = "{Intel Virtualization Technology for Directed I/O
Architecture}",
    year = "2014",
}

@misc{amd:software,
    author = "AMD",
    title = "{Software Optimization Guide for AMD Family 16h Processors}",
    howpublished = {\url{http://amd-dev.wpengine.netdna-cdn.com/wordpress/media/2012/10/SOG_16h_52128_PUB_Rev1_1.pdf}},
    year = "2013",
}

@article{shah:sparc,
  author    = {Manish Shah and
               Robert T. Golla and
               Greg Grohoski and
               Paul J. Jordan and
               Jama Barreh and
               Jeffrey Brooks and
               Mark Greenberg and
               Gideon Levinsky and
               Mark Luttrell and
               Christopher Olson and
               Zeid Samoail and
               Matt Smittle and
               Thomas A. Ziaja},
  title     = {Sparc {T4:} {A} Dynamically Threaded Server-on-a-Chip},
  journal   = {{IEEE} Micro},
  volume    = {32},
  number    = {2},
  pages     = {8--19},
  year      = {2012},
}

@inproceedings{vesely:observation,
	author    = {J{\'{a}}n Vesel{\'{y}} and
	Arkaprava Basu and
	Mark Oskin and
	Gabriel H. Loh and
	Abhishek Bhattacharjee},
	title     = {Observations and opportunities in architecting shared virtual memory
	for heterogeneous systems},
	booktitle = {Proceedings of the 2016 International Symposium on Performance Analysis of Systems
	and Software},
	year      = {2016},
}

@article{hill:case,
 author = {Hill, Mark D.},
 title = {A Case for Direct-Mapped Caches},
 journal = {Computer},
 issue_date = {December 1988},
 volume = {21},
 number = {12},
 month = dec,
 year = {1988},
} 

@misc{arm:cortex-a15,
    author = "ARM",
    title = "{Cortex-A15: Technical Reference Manual}",
    howpublished = {\url{http://infocenter.arm.com/help/topic/com.arm.doc.ddi0438d/DDI0438D_cortex_a15_r2p1_trm.pdf}},
    year = "2013",
}

@misc{ning:open,
	author = "Jia Ning",
	title = "{Open Compute Project: Facebook Server Intel Motherboard V3.1 Rev 1.00}",
	howpublished = {\url{https://www.circleb.eu/wp-content/uploads/2016/04/Open_Compute_Project_FB_Server_Intel_Motherboard_v3.1_rev1.00.pdf}},
	year = "2016",
}

@book{tanenbaum:modern,
  author    = {Andrew S. Tanenbaum},
  title     = {Modern operating systems},
  publisher = {Prentice Hall},
  year      = {2001},
  edition = {2nd},
  isbn      = {978-0-13-031358-4},
}

@book{mckusick:design,
 author = {McKusick, Marshall Kirk and Neville-Neil, George and Watson, Robert N.M.},
 title = {The Design and Implementation of the FreeBSD Operating System},
 year = {2014},
 isbn = {0321968972, 9780321968975},
 edition = {2nd},
 publisher = {Addison-Wesley Professional},
} 

@misc{huawei:kunlun,
	author = "{Oracle}",
	title = "{SPARC M7-16 Server}",
	howpublished = {\url{https://www.oracle.com/servers/sparc/m7-16/index.html}},
}

@misc{hp:hp,
	author = "{HP}",
	title = "{HP to Transform Server Market with Single Platform for Mission-critical Computing}",
	howpublished = {\url{http://www8.hp.com/us/en/hp-news/press-release.html?id=1147777#.WRs0sbyGOL4}},
}

@misc{intel:architectures,
    organization = "{Intel Corp.}",
    title = "{Intel 64 and IA-32 Architectures Software Developer's Manual}",
    howpublished = {\url{http://www.intel.com/content/dam/www/public/us/en/documents/manuals/64-ia-32-architectures-software-developer-system-programming-manual-325384.pdf}},
}

@misc{nvidia:uva,
    title = "{NVIDIA's Next Generation CUDA Compute
Architecture: Fermi.}",
    howpublished = {\url{http://www.nvidia.com/content/pdf/fermi_white_papers/nvidia_fermi_compute_architecture_whitepaper.pdf}},
    year = "2009",
}

@misc{harris:unified,
  title={Unified memory in CUDA 6},
  author={Harris, Mark},
  journal={GTC On-Demand, NVIDIA},
  howpublished = {\url{http://on-demand.gputechconf.com/supercomputing/2013/presentation/SC3120-Unified-Memory-CUDA-6.0.pdf}},
  year={2013}
}

@misc{rogers:amd,
    author = "Phil Rogers",
    title = "{AMD heterogeneous Uniform Memory Access.}",
    howpublished = {\url{http://events.csdn.net/AMD/130410%20-%20hUMA_v6.6_FINAL.PDF}}
}

@misc{mcmillan:data,
	author = "Robert McMillan",
	title = "{Data center servers suck - but nobody knows how much.}",
	year={2012}
}

@misc{oracle:timesten,
    title = "{Oracle TimesTen}",
    howpublished = {\url{http://www.oracle.com/technetwork/database/database-technologies/timesten/overview/index.html}}
}

@misc{sap:hana,
    title = "{SAP HANA}",
    howpublished = {\url{http://hana.sap.com/abouthana.html}}
}

@misc{rogers:programmer,
    author = "Phil Rogers",
    title = "{The programmer’s guide to the apu galaxy}",
    url = "http://developer.amd.com/wordpress/media/2013/06/Phil-Rogers-Keynote-FINAL.pdf",
    year = "2011",
}

@misc{micron:hmc,
    author = "Micron",
    title = "{Hybrid Memory Cube Specification 2.1}",
    url = "http://www.hybridmemorycube.org/files/SiteDownloads/HMC-30G-VSR_HMCC_Specification_Rev2.1_20151105.pdf",
    year = "2014",
}

@misc{cantin:cache,
	author = "Jason F. Cantin",
	title = "{Cache Performance for SPEC CPU2000 Benchmarks}",
	url = "http://research.cs.wisc.edu/multifacet/misc/spec2000cache-data/",
	year = "2003",
}

@misc{kanter:cavium,
    author = "David Kanter",
    title = "{Cavium Thunders Into Servers: Specialized Silicon Rivals Xeon for Specific Workloads}",
    url = "http://www.linleygroup.com/mpr/article.php?url=mpr/h/2016/11545/11545.pdf",
    year = "2016",
}

@misc{gantz:digital,
    author = "John Gantz and David Reinsel",
    title = "{The Digital Universe in 2020}",
    year = "2012",
    publisher = "IDC",
    url = "http://www.emc.com/collateral/analyst-reports/
idc-the-digital-universe-in-2020.pdf",
}

@misc{jedec:high,
	title = "{High Bandwidth Memory (HBM) DRAM}",
	organization = "{JEDEC Solid State Technology Assoc.}",
	year = "2013",
	publisher = "JEDEC",
	url = "http://www.jedec.org/standards-documents/results/jesd235",
}

@misc{jedec:wide,
	title = "{Wide I/O 2 Standard}",
	year = "2013",
	publisher = "JEDEC",
	url = "http://www.jedec.org/standards-documents/results/jesd229-2",
}

@misc{arcangeli:transparent,
    author = "John Gantz and David Reinsel",
    title = "{Transparent Hugepage Support}",
    year = "2010",
    publisher = "KVM Forum",
}

@misc{hsa,
    author = "{HSA Foundation}",
    title = "{HSA Platform System Architecture Specification 1.0}",
    year = "2015",
}

@misc{pawlowski:digital,
    author = "John Gantz and David Reinsel",
    title = "{Hybrid Memory Cube (HMC)}",
    year = "2011",
    url = "http://www.hotchips.org/wp-content/uploads/hc_archives/hc23/HC23.18.3-memory-FPGA/HC23.18.320-HybridCube-Pawlowski-Micron.pdf",
}

@misc{gantz:hybrid,
    author = "John Gantz and David Reinsel",
    title = "{White Paper: 5-Level Paging and 5-Level EPT}",
    year = "2016",
    url = "https://software.intel.com/sites/default/files/managed/2b/80/5-level_paging_white_paper.pdf",
}

@misc{glisse:hmm,
    author = "Jerome Glisse",
    title = "{HMM (Heterogeneous Memory Management) v22}",
    year = "2017",
    url = "https://lwn.net/Articles/723478/",
}

@article{kozyrakis:scalable,
  author    = {Christoforos E. Kozyrakis and
               Stylianos Perissakis and
               David A. Patterson and
               Thomas E. Anderson and
               Krste Asanovic and
               Neal Cardwell and
               Richard Fromm and
               Jason Golbus and
               Benjamin Gribstad and
               Kimberly Keeton and
               Randi Thomas and
               Noah Treuhaft and
               Katherine A. Yelick},
  title     = {Scalable Processors in the Billion-Transistor Era: {IRAM}},
  journal   = {{IEEE} Computer},
  volume    = {30},
  number    = {9},
  year      = {1997},
}

@article{pugh:skip,
  author    = {William Pugh},
  title     = {Skip Lists: {A} Probabilistic Alternative to Balanced Trees},
  journal   = {Commun. {ACM}},
  volume    = {33},
  number    = {6},
  year      = {1990},
}

@misc{intel:tlbs,
  author    = {Intel Corporation},
  title     = {TLBs, Paging-Structure Caches and their Invalidation},
  journal   = {Intel Technical Report},
  year      = {2008},
}

@inproceedings{lee:dram,
author={D. U. Lee and K. W. Kim and K. W. Kim and H. Kim and J. Y. Kim and Y. J. Park and J. H. Kim and D. S. Kim and H. B. Park and J. W. Shin and J. H. Cho and K. H. Kwon and M. J. Kim and J. Lee and K. W. Park and B. Chung and S. Hong},
booktitle={Proceedings of the 2014 International Conference on Solid-State Circuits Conference Digest of Technical Papers},
title={25.2 A 1.2V 8Gb 8-channel 128GB/s high-bandwidth memory (HBM) stacked DRAM with effective microbump I/O test methods using 29nm process and TSV},
year={2014},
}

@inproceedings{ma:larger-than-memory,
	author    = {Lin Ma and
	Joy Arulraj and
	Sam Zhao and
	Andrew Pavlo and
	Subramanya R. Dulloor and
	Michael J. Giardino and
	Jeff Parkhurst and
	Jason L. Gardner and
	Kshitij Doshi and
	Stanley B. Zdonik},
	title     = {Larger-than-memory data management on modern storage hardware for
	in-memory {OLTP} database systems},
	booktitle = {Proceedings of the 2016 International Workshop on Data Management
	on New Hardware},
	year      = {2016},
}

@inproceedings{li:accelerating,
	author    = {Feng Li and
	Sudipto Das and
	Manoj Syamala and
	Vivek R. Narasayya},
	title     = {Accelerating Relational Databases by Leveraging Remote Memory and
	{RDMA}},
	booktitle = {Proceedings of the 2016 International Conference on Management of
	Data},
	year      = {2016},
}

@inproceedings{salapura:exploiting,
	author    = {Valentina Salapura and
	Jos{\'{e}} R. Brunheroto and
	Fernando F. Redigolo and
	Alan Gara},
	title     = {Exploiting eDRAM bandwidth with data prefetching: simulation and measurements},
	booktitle = {Proceedings of the 2007 International Conference on Computer Design},
	year      = {2007},
}

@inproceedings{bhattacharjee:characterizing,
  author    = {Abhishek Bhattacharjee and
               Margaret Martonosi},
  title     = {Characterizing the {TLB} Behavior of Emerging Parallel Workloads on
               Chip Multiprocessors},
  booktitle = {Proceedings of the 2009 International Conference on Parallel Architectures and Compilation Techniques},
  year      = {2009},
}

@inproceedings{bhattacharjee:inter-core,
  author    = {Abhishek Bhattacharjee and
               Margaret Martonosi},
  title     = {Inter-core cooperative {TLB} for chip multiprocessors},
  booktitle = {Proceedings of the 2010 International Conference on Architectural
               Support for Programming Languages and Operating Systems},
  year      = {2010},
}

@inproceedings{bhattacharjee:shared,
  author    = {Abhishek Bhattacharjee and
               Daniel Lustig and
               Margaret Martonosi},
  title     = {Shared last-level {TLB}s for chip multiprocessors},
  booktitle = {Proceedings of the 2011 International Conference on High-Performance Computer Architecture},
  year      = {2011},
}

@article{gustafson:ibm,
	author    = {R. N. Gustafson and
	Frank J. Sparacio},
	title     = {{IBM} 3081 Processor Unit: Design Considerations and Design Process},
	journal   = {{IBM} Journal of Research and Development},
	volume    = {26},
	number    = {1},
	pages     = {12--21},
	year      = {1982},
}

@inproceedings{jouppi:architectural,
	author = {Jouppi, Norman P.},
	title = {Architectural and Organizational Tradeoffs in the Design of the MultiTitan CPU},
	booktitle = {Proceedings of the 1989 International Symposium on Computer Architecture},
	year = {1989},

}

@inproceedings{talluri:tradeoffs,
 author = {Talluri, Madhusudhan and Kong, Shing and Hill, Mark D. and Patterson, David A.},
 title = {Tradeoffs in Supporting Two Page Sizes},
 booktitle = {Proceedings of the 1992 Annual International Symposium on Computer Architecture},
 year = {1992},
} 

@inproceedings{pham:colt,
  author    = {Binh Pham and
               Viswanathan Vaidyanathan and
               Aamer Jaleel and
               Abhishek Bhattacharjee},
  title     = {CoLT: Coalesced Large-Reach {TLB}s},
  booktitle = {Proceedings of the 2012 International Symposium on Microarchitecture},
  year      = {2012},

}

@inproceedings{pham:large,
  author    = {Binh Pham and Jan Vesely and Gabriel Loh and Abhishek Bhattacharjee},
  title     = {Large Pages and Lightweight Memory Management in Virtualized Environments: Can You Have it Both Ways?},
  booktitle = {Proceedings of the 2015 International Symposium on Microarchitecture},
  year      = {2015},

}

@inproceedings{huck:architectural,
 author = {Huck, Jerry and Hays, Jim},
 title = {Architectural Support for Translation Table Management in Large Address Space Machines},
 booktitle = {Proceedings of the 1993 International Symposium on Computer Architecture},
 year = {1993},
} 


@inproceedings{saini:performance,
	author    = {Subhash Saini and
	Johnny Chang and
	Haoqiang Jin},
	title     = {Performance Evaluation of the Intel Sandy Bridge Based {NASA} Pleiades
	Using Scientific and Engineering Applications},
	booktitle = {Proceedings of the 2013 International Workshop on High Performance Computing Systems. Performance Modeling, Benchmarking
	and Simulation},
	year      = {2013},
}

@inproceedings{ipek:self-optimizing,
	author    = {Engin Ipek and
	Onur Mutlu and
	Jos{\'{e}} F. Mart{\'{\i}}nez and
	Rich Caruana},
	title     = {Self-Optimizing Memory Controllers: {A} Reinforcement Learning Approach},
	booktitle = {Proceedings of the 2008 International Symposium on Computer Architecture},
	year      = {2008},
}

@inproceedings{kwon:coordinated,
  author    = {Youngjin Kwon and
               Hangchen Yu and
               Simon Peter and
               Christopher J. Rossbach and
               Emmett Witchel},
  title     = {Coordinated and Efficient Huge Page Management with Ingens},
  booktitle = {Proceedings of the 2016 {USENIX} Symposium on Operating Systems Design and Implementation},
  year      = {2016},
}

@inproceedings{malladi:towards,
	author    = {Krishna T. Malladi and
	Frank A. Nothaft and
	Karthika Periyathambi and
	Benjamin C. Lee and
	Christos Kozyrakis and
	Mark Horowitz},
	title     = {Towards energy-proportional datacenter memory with mobile {DRAM}},
	booktitle = {Proceedings of the 2012 International Symposium on Computer Architecture},
	year      = {2012},
}

@book{jacob:memory,
	author    = {Bruce L. Jacob},
	title     = {The Memory System: You Can't Avoid It, You Can't Ignore It, You Can't
	Fake It},
	booktitle = {The Memory System: You Can't Avoid It, You Can't Ignore It, You Can't
	Fake It},
	series    = {Synthesis Lectures on Computer Architecture},
	publisher = {Morgan {\&} Claypool Publishers},
	year      = {2009},
}

@article{boncz:breaking,
 author = {Boncz, Peter A. and Kersten, Martin L. and Manegold, Stefan},
 title = {Breaking the Memory Wall in MonetDB},
 journal = {Commun. ACM},
 issue_date = {December 2008},
 volume = {51},
 number = {12},
 month = dec,
 year = {2008},
} 

@inproceedings{saule:2013,
	author    = {Erik Saule and
	Kamer Kaya and
	{\"{U}}mit V. {\c{C}}ataly{\"{u}}rek},
	title     = {Performance Evaluation of Sparse Matrix Multiplication Kernels on
	Intel Xeon Phi},
	booktitle = {Proceedings of the 2013 Parallel Processing and Applied Mathematics},
	year      = {2013},
}

@inproceedings{dong:optimizing,
  author    = {Siying Dong and
               Mark Callaghan and
               Leonidas Galanis and
               Dhruba Borthakur and
               Tony Savor and
               Michael Strum},
  title     = {Optimizing Space Amplification in RocksDB},
  booktitle = {{Proceedings of the 8th Conference on Innovative Data Systems Research}},
  year      = {2017},
}


@inproceedings{david:howard,
	author    = {Howard David and
	Chris Fallin and
	Eugene Gorbatov and
	Ulf R. Hanebutte and
	Onur Mutlu},
	title     = {Memory power management via dynamic voltage/frequency scaling},
	booktitle = {Proceedings of the 2011 International Conference on Autonomic Computing},
	year      = {2011},
}

@inproceedings{lin:gaining,
  author    = {Jiang Lin and
               Qingda Lu and
               Xiaoning Ding and
               Zhao Zhang and
               Xiaodong Zhang and
               P. Sadayappan},
  title     = {Gaining insights into multicore cache partitioning: Bridging the gap
               between simulation and real systems},
  booktitle = {Proceedings of the 2008 International Conference on High-Performance Computer Architecture},
  year      = {2008},
}

@inproceedings{ranganathan:reconfigurable,
  author    = {Parthasarathy Ranganathan and
               Sarita V. Adve and
               Norman P. Jouppi},
  title     = {Reconfigurable caches and their application to media processing},
  booktitle = {Proceedings of the 2011 International Symposium on Computer Architecture},
  year      = {2000},
}

@inproceedings{picorel:near-memory,
	author    = {Javier Picorel and
	Djordje Jevdjic and
	Babak Falsafi},
	title     = {Near-Memory Address Translation},
	booktitle = {Proceedings of the 2017 International Conference on Parallel Architectures and Compilation
	Techniques},
	year      = {2017},
}

@inproceedings{haria:devirtualizing,
	author    = {Swapnil Haria and
	Mark D. Hill and
	Michael M. Swift},
	title     = {Devirtualizing Memory in Heterogeneous Systems},
	booktitle = {Proceedings of the 2018 International Conference on Architectural
	Support for Programming Languages and Operating Systems},
	year      = {2018},
}

@inproceedings{song:more,
	author    = {Yanwei Song and
	Engin Ipek},
	title     = {More is less: improving the energy efficiency of data movement via
	opportunistic use of sparse codes},
	booktitle = {Proceedings of the 2015 International Symposium on Microarchitecture},
	year      = {2015},
}

@inproceedings{sanchez:vantage,
  author    = {Daniel Sanchez and
               Christos Kozyrakis},
  title     = {Vantage: scalable and efficient fine-grain cache partitioning},
  booktitle = {Proceedings of the 2011 International Symposium on Computer Architecture},
  year      = {2011},
}

@misc{chiou:dynamic,
    author = {Derek Chiou and Derek Chiouy and Larry Rudolph and Larry Rudolphy and Srinivas Devadas and Srinivas Devadasy and Boon S. Ang and Boon S. Angz},
    title = {Dynamic Cache Partitioning via Columnization},
    year = {2000}
}

@inproceedings{cox:efficient,
  author    = {Guilherme Cox and Abhishek Bhattacharjee},
  title     = {Efficient Address Translation for Architectures with Multiple Page Sizes},
  booktitle = {Proceedings of the 2017 International Conference on Architectural Support for Programming Languages and Operating Systems},
  year      = {2017},
}

@inproceedings{bhattacharjee:large-reach,
  author    = {Abhishek Bhattacharjee},
  title     = {Large-reach memory management unit caches},
  booktitle = {Proceedings of the 2013 International Symposium on Microarchitecture},
  year      = {2013},
}

@inproceedings{pham:increasing,
  author    = {Binh Pham and
               Abhishek Bhattacharjee and
               Yasuko Eckert and
               Gabriel H. Loh},
  title     = {Increasing {TLB} reach by exploiting clustering in page translations},
  booktitle = {Proceedings of the 2014 International Symposium on High Performance Computer Architecture},
  year      = {2014},

}

@inproceedings{giridhar:exploring,
  author    = {Bharan Giridhar and
               Michael Cieslak and
               Deepankar Duggal and
               Ronald G. Dreslinski and
               Hsing Min Chen and
               Robert Patti and
               Betina Hold and
               Chaitali Chakrabarti and
               Trevor N. Mudge and
               David Blaauw},
  title     = {Exploring {DRAM} organizations for energy-efficient and resilient
               exascale memories},
  booktitle = {Proceedings of the 2013 International Conference for High Performance Computing, Networking,
               Storage and Analysis},
  year      = {2013},
}

@inproceedings{taylor:tlb,
	author = {Taylor, George and Davies, Peter and Farmwald, Michael},
	title = {The TLB Slice---a Low-cost High-speed Address Translation Mechanism},
	booktitle = {Proceedings of the 1990 International Symposium on Computer Architecture},
	year = {1990},

}

@inproceedings{akin:data,
	author    = {Berkin Akin and
	Franz Franchetti and
	James C. Hoe},
	title     = {Data reorganization in memory using 3D-stacked {DRAM}},
	booktitle = {Proceedings of the 2015 Annual International Symposium on Computer Architecture},
	year      = {2015},
}

@inproceedings{park:hybrid,
 author = {Park, Chang Hyun and Heo, Taekyung and Jeong, Jungi and Huh, Jaehyuk},
 title = {Hybrid TLB Coalescing: Improving TLB Translation Coverage Under Diverse Fragmented Memory Allocations},
 booktitle = {Proceedings of the 2017 International Symposium on Computer Architecture},
 year = {2017},
} 

@inproceedings{kim:memory-centric,
  author    = {Gwangsun Kim and
               John Kim and
               Jung Ho Ahn and
               Jaeha Kim},
  title     = {Memory-centric system interconnect design with Hybrid Memory Cubes},
  booktitle = {Proceedings of the 2013 International Conference on Parallel Architectures
               and Compilation Techniques},
  year      = {2013},
}

@inproceedings{weis:design,
  author    = {Christian Weis and
               Norbert Wehn and
               Igor Loi and
               Luca Benini},
  title     = {Design space exploration for 3D-stacked DRAMs},
  booktitle = {Proceedings of the 2011 Design, Automation and Test in Europe},
  year      = {2011},
}


@inproceedings{kocberber:meet,
  author    = {Yusuf Onur Ko{\c{c}}berber and
               Boris Grot and
               Javier Picorel and
               Babak Falsafi and
               Kevin T. Lim and
               Parthasarathy Ranganathan},
  title     = {Meet the walkers: accelerating index traversals for in-memory databases},
  booktitle = {Proceedings of the 2013 International Symposium on Microarchitecture},
  year      = {2013},
}

@inproceedings{ahn:revising,
  author    = {Jeongseob Ahn and
               Seongwook Jin and
               Jaehyuk Huh},
  title     = {Revisiting hardware-assisted page walks for virtualized systems},
  booktitle = {Proceedings of the 2012 International Symposium on Computer Architecture},
  year      = {2012},

}

@inproceedings{volos:bump,
	author    = {Stavros Volos and
	Javier Picorel and
	Babak Falsafi and
	Boris Grot},
	title     = {BuMP: Bulk Memory Access Prediction and Streaming},
	booktitle = {Proceedings of the 2014 Annual {IEEE/ACM} International Symposium on Microarchitecture},
	year      = {2014},
}

@inproceedings{shevgoor:quantifying,
	author = {Shevgoor, Manjunath and Kim, Jung-Sik and Chatterjee, Niladrish and Balasubramonian, Rajeev and Davis, Al and Udipi, Aniruddha N.},
	title = {Quantifying the Relationship Between the Power Delivery Network and Architectural Policies in a 3D-stacked Memory Device},
	booktitle = {Proceedings of the 2013 International Symposium on Microarchitecture},
	year = {2013},
}


@article{smith:comparative,
	author    = {Alan Jay Smith},
	title     = {A Comparative Study of Set Associative Memory Mapping Algorithms and
	Their Use for Cache and Main Memory},
	journal   = {{IEEE} Trans. Software Eng.},
	volume    = {4},
	number    = {2},
	pages     = {121--130},
	year      = {1978},
}
homebrowsesearchabout


@article{magnusson:simics,
  author    = {Peter S. Magnusson and
               Magnus Christensson and
               Jesper Eskilson and
               Daniel Forsgren and
               Gustav H{\aa}llberg and
               Johan H{\"{o}}gberg and
               Fredrik Larsson and
               Andreas Moestedt and
               Bengt Werner},
  title     = {Simics: {A} Full System Simulation Platform},
  journal   = {{IEEE} Computer},
  volume    = {35},
  number    = {2},
  pages     = {50--58},
  year      = {2002},
  url       = {http://dx.doi.org/10.1109/2.982916},
  doi       = {10.1109/2.982916},
  timestamp = {Wed, 16 Dec 2015 10:09:36 +0100},
  biburl    = {http://dblp.uni-trier.de/rec/bib/journals/computer/MagnussonCEFHHLMW02},
  bibsource = {dblp computer science bibliography, http://dblp.org}
}

@article{rosenfeld:dramsim2,
  author    = {Paul Rosenfeld and
               Elliott Cooper{-}Balis and
               Bruce Jacob},
  title     = {DRAMSim2: {A} Cycle Accurate Memory System Simulator},
  journal   = {Computer Architecture Letters},
  volume    = {10},
  number    = {1},
  pages     = {16--19},
  year      = {2011},
}

@article{wenisch:simflex,
  author    = {Thomas F. Wenisch and
               Roland E. Wunderlich and
               Michael Ferdman and
               Anastassia Ailamaki and
               Babak Falsafi and
               James C. Hoe},
  title     = {SimFlex: Statistical Sampling of Computer System Simulation},
  journal   = {{IEEE} Micro},
  volume    = {26},
  number    = {4},
  pages     = {18--31},
  year      = {2006},
}

@phdthesis{hill:aspects,
 author = {Hill, Mark Donald},
 title = {Aspects of Cache Memory and Instruction Buffer Performance},
 year = {1987},
 note = {AAI8813907},
 school = {University of California, Berkeley},
} 

@inproceedings{wu:navigating,
  author    = {Lisa Wu and
               Raymond J. Barker and
               Martha A. Kim and
               Kenneth A. Ross},
  title     = {Navigating big data with high-throughput, energy-efficient data partitioning},
  booktitle = {Proceedings of the 2013 International Symposium on Computer Architecture},
  year      = {2013},
}

@inproceedings{lim:thin,
  author    = {Kevin T. Lim and
               David Meisner and
               Ali G. Saidi and
               Parthasarathy Ranganathan and
               Thomas F. Wenisch},
  title     = {Thin servers with smart pipes: designing SoC accelerators for memcached},
  booktitle = {Proceedings of the 2013 International Symposium on Computer Architecture},
  year      = {2013},
}

@inproceedings{parashar:triggered,
  author    = {Angshuman Parashar and
               Michael Pellauer and
               Michael Adler and
               Bushra Ahsan and
               Neal Clayton Crago and
               Daniel Lustig and
               Vladimir Pavlov and
               Antonia Zhai and
               Mohit Gambhir and
               Aamer Jaleel and
               Randy L. Allmon and
               Rachid Rayess and
               Stephen Maresh and
               Joel S. Emer},
  title     = {Triggered instructions: a control paradigm for spatially-programmed
               architectures},
  booktitle = {Proceedings of the 2013 Annual International Symposium on Computer Architecture},
  year      = {2013},
}

@inproceedings{ho:efficient,
  author    = {Chen{-}Han Ho and
               Sung Jin Kim and
               Karthikeyan Sankaralingam},
  title     = {Efficient execution of memory access phases using dataflow specialization},
  booktitle = {Proceedings of the 2015 International Symposium on Computer
               Architecture},
  year      = {2015},
}

@inproceedings{lowepower:inferring,
  author    = {Jason Lowe-Power},
  title     = {Inferring Kaveri's Shared Virtual Memory Implementation},
  booktitle = {http://www.lowepower.com/jason/inferring-kaveris-shared-virtual-memory-implementation.html},
  year      = {2017},
}

@inproceedings{gaud:large,
  author    = {Fabien Gaud and
               Baptiste Lepers and
               Jeremie Decouchant and
               Justin R. Funston and
               Alexandra Fedorova and
               Vivien Qu{\'{e}}ma},
  title     = {Large Pages May Be Harmful on {NUMA} Systems},
  booktitle = {Proceedings of the 2014 {USENIX} Annual Technical Conference},
  year      = {2014},
}

@inproceedings{huang:c3d,
	title     = "C3D: Mitigating the NUMA Bottleneck via Coherent DRAM Caches",
	author    = "Cheng-Chieh Huang and Rakesh Kumar and Marco Elver and Boris Grot and Vijayanand Nagarajan",
	year      = "2016",
	booktitle = "Proceedings of the 2016 International Symposium on Microarchitecture",
}

@inproceedings{basu:efficient,
 author = {Basu, Arkaprava and Gandhi, Jayneel and Chang, Jichuan and Hill, Mark D. and Swift, Michael M.},
 title = {Efficient Virtual Memory for Big Memory Servers},
 booktitle = {Proceedings of the 2013 International Symposium on Computer Architecture},
 year = {2013},
}


@inproceedings{oskin:active,
  author    = {Mark Oskin and
               Frederic T. Chong and
               Timothy Sherwood},
  title     = {Active Pages: {A} Computation Model for Intelligent Memory},
  booktitle = {Proceedings of the 1998 International Symposium on Computer
               Architecture},
  year      = {1998},
}

@article{gandhi:range,
	author    = {Jayneel Gandhi and
	Vasileios Karakostas and
	Furkan Ayar and
	Adri{\'{a}}n Cristal and
	Mark D. Hill and
	Kathryn S. McKinley and
	Mario Nemirovsky and
	Michael M. Swift and
	Osman S. Unsal},
	title     = {Range Translations for Fast Virtual Memory},
	journal   = {{IEEE} Micro},
	volume    = {36},
	number    = {3},
	pages     = {118--126},
	year      = {2016},
}
homebrowsesearchabout


@inproceedings{kang:flexram,
  author    = {Yi Kang and
               Wei Huang and
               Seung{-}Moon Yoo and
               Diana Keen and
               Zhenzhou Ge and
               Vinh Vi Lam and
               Josep Torrellas and
               Pratap Pattnaik},
  title     = {FlexRAM: Toward an Advanced Intelligent Memory System},
  booktitle = {Proceedings of the 1999 International Conference On Computer Design,
               {VLSI} in Computers and Processors},
  year      = {1999},
}

@inproceedings{draper:architecture,
 author = {Draper, Jeff and Chame, Jacqueline and Hall, Mary and Steele, Craig and Barrett, Tim and LaCoss, Jeff and Granacki, John and Shin, Jaewook and Chen, Chun and Kang, Chang Woo and Kim, Ihn and Daglikoca, Gokhan},
 title = {The Architecture of the DIVA Processing-in-memory Chip},
 booktitle = {Proceedings of the 2002 International Conference on Supercomputing},
 year = {2002},
}

@article{hill:evaluating,
	author    = {Mark D. Hill and
	Alan Jay Smith},
	title     = {Evaluating Associativity in {CPU} Caches},
	journal   = {{IEEE} Trans. Computers},
	volume    = {38},
	number    = {12},
	year      = {1989},
}

@article{denning:virtual,
	author = {Denning, Peter J.},
	title = {Virtual Memory},
	journal = {ACM Comput. Surv.},
	volume = {2},
	number = {3},
	year = {1970},
	pages = {153--189},
	numpages = {37},
}


@inproceedings{karakostas:redundant,
 author = {Karakostas, Vasileios and Gandhi, Jayneel and Ayar, Furkan and Cristal, Adri\'{a}n and Hill, Mark D. and McKinley, Kathryn S. and Nemirovsky, Mario and Swift, Michael M. and \"{U}nsal, Osman},
 title = {Redundant Memory Mappings for Fast Access to Large Memories},
 booktitle = {Proceedings of the 2015 International Symposium on Computer Architecture},
 year = {2015},
}

@inproceedings{karakostas:performance,
  author    = {Vasileios Karakostas and
               Osman S. Unsal and
               Mario Nemirovsky and
               Adri{\'{a}}n Cristal and
               Michael M. Swift},
  title     = {Performance analysis of the memory management unit under scale-out
               workloads},
  booktitle = {Proceedings of the 2015 International Symposium on Workload Characterization},
  year      = {2014},
}

@inproceedings{kyrola:graphchi,
  author    = {Aapo Kyrola and
               Guy E. Blelloch and
               Carlos Guestrin},
  title     = {GraphChi: Large-Scale Graph Computation on Just a {PC}},
  booktitle = {Proceedings of the 2012 Symposium on Operating Systems Design and Implementation},
  year      = {2012},
}

@inproceedings{han:turbograph,
  author    = {Wook{-}Shin Han and
               Sangyeon Lee and
               Kyungyeol Park and
               Jeong{-}Hoon Lee and
               Min{-}Soo Kim and
               Jinha Kim and
               Hwanjo Yu},
  title     = {TurboGraph: a fast parallel graph engine handling billion-scale graphs
               in a single {PC}},
  booktitle = {Proceedings of the the 2013 International Conference on Knowledge Discovery
               and Data Mining},
  year      = {2013},
}

@inproceedings{roy:x-stream,
  author    = {Amitabha Roy and
               Ivo Mihailovic and
               Willy Zwaenepoel},
  title     = {X-Stream: edge-centric graph processing using streaming partitions},
  booktitle = {Proceedings of the 2013 Symposium on Operating Systems Principles},
  year      = {2013},
}

@inproceedings{yoon:revisiting,
	author    = {Hongil Yoon and
	Gurindar S. Sohi},
	title     = {Revisiting virtual {L1} caches: {A} practical design using dynamic
	synonym remapping},
	booktitle = {Proceedings of the 2016 International Symposium on High Performance Computer Architecture},
	year      = {2016},
}


@inproceedings{basu:reducing,
  author    = {Arkaprava Basu and
               Mark D. Hill and
               Michael M. Swift},
  title     = {Reducing memory reference energy with opportunistic virtual caching},
  booktitle = {Proceedings of the 2012 International Symposium on Computer Architecture},
  year      = {2012},
}

@inproceedings{mars:bubble-up,
  author    = {Jason Mars and
               Lingjia Tang and
               Robert Hundt and
               Kevin Skadron and
               Mary Lou Soffa},
  title     = {Bubble-Up: increasing utilization in modern warehouse scale computers
               via sensible co-locations},
  booktitle = {Proceedings of the 2011 International Symposium on Microarchitecture},
  year      = {2011},
}

@inproceedings{yang:bubble-flux,
	author    = {Hailong Yang and
	Alex D. Breslow and
	Jason Mars and
	Lingjia Tang},
	title     = {Bubble-flux: precise online QoS management for increased utilization
	in warehouse scale computers},
	booktitle = {The 40th Annual International Symposium on Computer Architecture},
	year      = {2013},
}

@inproceedings{calder:predictive,
	author    = {Brad Calder and
	Dirk Grunwald and
	Joel S. Emer},
	title     = {Predictive Sequential Associative Cache},
	booktitle = {Proceedings of the 1996 International Symposium on High-Performance
	Computer Architecture},
	year      = {1996},
}

@article{volos:fat,
  author    = {Stavros Volos and
               Djordje Jevdjic and
               Babak Falsafi and
               Boris Grot},
  title     = {Fat Caches for Scale-Out Servers},
  journal   = {{IEEE} Micro},
  volume    = {37},
  number    = {2},
  pages     = {90--103},
  year      = {2017},
}

@inproceedings{powell:reducing,
	author    = {Michael D. Powell and
	Amit Agarwal and
	T. N. Vijaykumar and
	Babak Falsafi and
	Kaushik Roy},
	title     = {Reducing set-associative cache energy via way-prediction and selective
	direct-mapping},
	booktitle = {Proceedings of the 2001 Annual International Symposium on Microarchitecture},
	year      = {2001},
}

@inproceedings{jouppi:improving,
	author = {Jouppi, Norman P.},
	title = {Improving Direct-mapped Cache Performance by the Addition of a Small Fully-associative Cache and Prefetch Buffers},
	booktitle = {Proceedings of the 1990 Annual International Symposium on Computer Architecture},
	year = {1990},
} 


@inproceedings{reiss:heterogeneity,
  author    = {Charles Reiss and
               Alexey Tumanov and
               Gregory R. Ganger and
               Randy H. Katz and
               Michael A. Kozuch},
  title     = {Heterogeneity and dynamicity of clouds at scale: Google trace analysis},
  booktitle = {Proceedings of the 2012 International Symposium on Cloud Computing},
  year      = {2012},
}

@inproceedings{jevdjic:unison,
  author    = {Djordje Jevdjic and
               Gabriel H. Loh and
               Cansu Kaynak and
               Babak Falsafi},
  title     = {Unison Cache: {A} Scalable and Effective Die-Stacked {DRAM} Cache},
  booktitle = {Proceedings of the 2014 Annual International Symposium on Microarchitecture},
  year      = {2014},
}

@inproceedings{chiueh:eliminating,
	author    = {Tzi{-}cker Chiueh and
	Randy H. Katz},
	title     = {Eliminating the Address Translation Bottleneck for Physical Address
	Cache},
	booktitle = {Proceedings of the 1992 International Conference on Architectural
	Support for Programming Languages and Operating Systems},
	year      = {1992},
}

@inproceedings{ahn:scalable,
  author    = {Junwhan Ahn and
               Sungpack Hong and
               Sungjoo Yoo and
               Onur Mutlu and
               Kiyoung Choi},
  title     = {A Scalable Processing-in-memory Accelerator for Parallel Graph Processing},
  booktitle = {Proceedings of the 2015 International Symposium on Computer
               Architecture},
  year      = {2015},
}

@inproceedings {xi:beyond,
	title = {Beyond the Wall: Near-Data Processing for Databases},
	booktitle = {Proceedings of the 2015 International Workshop on Data Management on New Hardware},
	year = {2015},
	author = {Sam (Likun) Xi and Oreoluwa Babarinsa and Athanassoulis, Manos and Stratos Idreos}
}

@article{davis:demystifying,
  author    = {W. Rhett Davis and
               John Wilson and
               Stephen Mick and
               Jian Xu and
               Hao Hua and
               Christopher Mineo and
               Ambarish M. Sule and
               Michael B. Steer and
               Paul D. Franzon},
  title     = {Demystifying 3D ICs: The Pros and Cons of Going Vertical},
  journal   = {{IEEE} Design {\&} Test of Computers},
  volume    = {22},
  number    = {6},
  year      = {2005},
}

@inproceedings{juan:reducing,
  author    = {Toni Juan and
               Tom{\'{a}}s Lang and
               Juan J. Navarro},
  title     = {Reducing {TLB} power requirements},
  booktitle = {Proceedings of the 1997 International Symposium on Low Power Electronics},
  year      = {1997},
}

@inproceedings{kadayif:generating,
  author    = {Ismail Kadayif and
               Anand Sivasubramaniam and
               Mahmut T. Kandemir and
               Gokul B. Kandiraju and
               Guangyu Chen},
  title     = {Generating physical addresses directly for saving instruction {TLB}
               energy},
  booktitle = {Proceedings of the 2002 Annual International Symposium on Microarchitecture},
  year      = {2002},
}

@article{teller:translation-lookaside,
  author    = {Patricia J. Teller},
  title     = {Translation-Lookaside Buffer Consistency},
  journal   = {{IEEE} Computer},
  volume    = {23},
  number    = {6},
  year      = {1990},
}

@article{kozyrakis:server,
	author    = {Christoforos E. Kozyrakis and
	Aman Kansal and
	Sriram Sankar and
	Kushagra Vaid},
	title     = {Server Engineering Insights for Large-Scale Online Services},
	journal   = {{IEEE} Micro},
	volume    = {30},
	number    = {4},
	year      = {2010},
}

@inproceedings{romanescu:unified,
  author    = {Bogdan F. Romanescu and
               Alvin R. Lebeck and
               Daniel J. Sorin and
               Anne Bracy},
  title     = {UNified Instruction/Translation/Data {(UNITD)} coherence: One protocol
               to rule them all},
  booktitle = {Proceedings of the 2010 International Conference on High-Performance Computer Architecture},
  year      = {2010},
}

@inproceedings{haque:few-to-many,
	author    = {Md. E. Haque and
	Yong Hun Eom and
	Yuxiong He and
	Sameh Elnikety and
	Ricardo Bianchini and
	Kathryn S. McKinley},
	title     = {Few-to-Many: Incremental Parallelism for Reducing Tail Latency in
	Interactive Services},
	booktitle = {Proceedings of the 2015 International Conference on Architectural
	Support for Programming Languages and Operating Systems},
	year      = {2015},
}

@article{power:implications,
	author    = {Jason Power and
	Yinan Li and
	Mark D. Hill and
	Jignesh M. Patel and
	David A. Wood},
	title     = {Implications of Emerging 3D {GPU} Architecture on the Scan Primitive},
	journal   = {{SIGMOD} Record},
	volume    = {44},
	number    = {1},
	year      = {2015},
}

@inproceedings{barr:translation,
  author    = {Thomas W. Barr and
               Alan L. Cox and
               Scott Rixner},
  title     = {Translation caching: skip, don't walk (the page table)},
  booktitle = {Proceedings of the 2010 International Symposium on Computer Architecture},
  year      = {2010},
}

@article{barroso:case,
	author    = {Luiz Andr{\'{e}} Barroso and
	Urs H{\"{o}}lzle},
	title     = {The Case for Energy-Proportional Computing},
	journal   = {{IEEE} Computer},
	volume    = {40},
	number    = {12},
	pages     = {33--37},
	year      = {2007},
}

@inproceedings{ferdman:clearing,
	author    = {Michael Ferdman and
	Almutaz Adileh and
	Yusuf Onur Ko{\c{c}}berber and
	Stavros Volos and
	Mohammad Alisafaee and
	Djordje Jevdjic and
	Cansu Kaynak and
	Adrian Daniel Popescu and
	Anastasia Ailamaki and
	Babak Falsafi},
	title     = {Clearing the clouds: a study of emerging scale-out workloads on modern
	hardware},
	booktitle = {Proceedings of the 2012 International Conference on Architectural
	 Support for Programming Languages and Operating Systems},
	year      = {2012},
}


@misc{couleur:shared-access,
  title={Shared-access data processing system},
  author={John F. Couleur and Edward L. Glaser},
  url={http://www.google.com.ar/patents/US3412382},
  year={1968},
  publisher={Google Patents},
  note={US Patent 3,412,382}
}

@article{ousterhout:case,
  author    = {John K. Ousterhout and
               Parag Agrawal and
               David Erickson and
               Christos Kozyrakis and
               Jacob Leverich and
               David Mazi{\`{e}}res and
               Subhasish Mitra and
               Aravind Narayanan and
               Guru M. Parulkar and
               Mendel Rosenblum and
               Stephen M. Rumble and
               Eric Stratmann and
               Ryan Stutsman},
  title     = {The case for RAMClouds: scalable high-performance storage entirely
               in {DRAM}},
  journal   = {Operating Systems Review},
  volume    = {43},
  number    = {4},
  year      = {2009},
}

@article{dean:tail,
  author    = {Jeffrey Dean and
               Luiz Andr{\'{e}} Barroso},
  title     = {The tail at scale},
  journal   = {Commun. {ACM}},
  volume    = {56},
  number    = {2},
  year      = {2013},
}

@inproceedings{jacob:look,
  author    = {Bruce L. Jacob and
               Trevor N. Mudge},
  title     = {A Look at Several Memory Management Units, TLB-Refill Mechanisms,
               and Page Table Organizations},
  booktitle = {Proceedings of the 1998 International Conference on Architectural
               Support for Programming Languages and Operating Systems},
  year      = {1998},
}

@inproceedings{zaharia:spark,
 author = {Zaharia, Matei and Chowdhury, Mosharaf and Franklin, Michael J. and Shenker, Scott and Stoica, Ion},
 title = {Spark: Cluster Computing with Working Sets},
 booktitle = {Proceedings of the 2010 Conference on Hot Topics in Cloud Computing},
 year = {2010},
}

@inproceedings{ausavarungnirun:mosaic,
 author = {Rachata Ausavarungnirun and Joshua Landgraf and Vance Miller and Saugata Ghose and Jayneel Gandhi and Christopher Rossbach},
 title = {MOSAIC: A GPU Memory Management with Application-Transparent Support for Multiple Page Sizes},
 booktitle = {Proceedings of the 2017 International Symposium on Microarchitecture},
 year = {2017},
}

@inproceedings{luk:pin,
  author    = {Chi{-}Keung Luk and
               Robert S. Cohn and
               Robert Muth and
               Harish Patil and
               Artur Klauser and
               P. Geoffrey Lowney and
               Steven Wallace and
               Vijay Janapa Reddi and
               Kim M. Hazelwood},
  title     = {Pin: building customized program analysis tools with dynamic instrumentation},
  booktitle = {Proceedings of the 2005 Conference on Programming
               Language Design and Implementation},
  year      = {2005},
}

@book{mauerer:professional,
 author = {Mauerer, Wolfgang},
 title = {Professional Linux Kernel Architecture},
 year = {2008},
 isbn = {0470343435, 9780470343432},
 publisher = {Wrox Press Ltd.},
 address = {Birmingham, UK, UK},
}

@inproceedings{johnstone:memory,
  author    = {Mark S. Johnstone and
               Paul R. Wilson},
  title     = {The Memory Fragmentation Problem: Solved?},
  booktitle = {Proceedings of the 199 International Symposium on Memory Management},
  year      = {1998},
}

@inproceedings{wilson:dynamic,
  author    = {Paul R. Wilson and
               Mark S. Johnstone and
               Michael Neely and
               David Boles},
  title     = {Dynamic Storage Allocation: {A} Survey and Critical Review},
  booktitle = {Proceedings of the 1995 International Workshop on Memory Management},
  year      = {1995},
}

@inproceedings{pichai:architectural,
  author    = {Bharath Pichai and
               Lisa Hsu and
               Abhishek Bhattacharjee},
  title     = {Architectural support for address translation on GPUs: designing memory
               management units for CPU/GPUs with unified address spaces},
  booktitle = {Proceedings of the 2014 International Conference on Architectural Support for Programming Languages and Operating Systems},
  year      = {2014},
}

@inproceedings{power:supporting,
  author    = {Jason Power and
               Mark D. Hill and
               David A. Wood},
  title     = {Supporting x86-64 address translation for 100s of {GPU} lanes},
  booktitle = {Proceedings of the 2014 International Symposium on High Performance Computer Architecture},
  year      = {2014},
}

@inproceedings{villavieja:didi,
  author    = {Carlos Villavieja and
               Vasileios Karakostas and
               Llu{\'{\i}}s Vilanova and
               Yoav Etsion and
               Alex Ram{\'{\i}}rez and
               Avi Mendelson and
               Nacho Navarro and
               Adri{\'{a}}n Cristal and
               Osman S. Unsal},
  title     = {DiDi: Mitigating the Performance Impact of {TLB} Shootdowns Using
               a Shared {TLB} Directory},
  booktitle = {Proceedings of the 2011 International Conference on Parallel Architectures and Compilation Techniques},
  year      = {2011},
}

@inproceedings{black:translation,
  author    = {David L. Black and
               Richard F. Rashid and
               David B. Golub and
               Charles R. Hill and
               Robert V. Baron},
  title     = {Translation Lookaside Buffer Consistency: {A} Software Approach},
  booktitle = {Proceedings of the 1989 International Conference on Architectural Support for Programming Languages and Operating Systems},
  year      = {1989},
}

@article{balasubramonian:near-data,
  author    = {Rajeev Balasubramonian and
               Jichuan Chang and
               Troy Manning and
               Jaime H. Moreno and
               Richard Murphy and
               Ravi Nair and
               Steven Swanson},
  title     = {Near-Data Processing: Insights from a {MICRO-46} Workshop},
  journal   = {{IEEE} Micro},
  volume    = {34},
  number    = {4},
  year      = {2014},
}

@inproceedings{pugsley:ndc,
  author    = {Seth H. Pugsley and
               Jeffrey Jestes and
               Huihui Zhang and
               Rajeev Balasubramonian and
               Vijayalakshmi Srinivasan and
               Alper Buyuktosunoglu and
               Al Davis and
               Feifei Li},
  title     = {{NDC:} Analyzing the impact of 3D-stacked memory+logic devices on
               MapReduce workloads},
  booktitle = {Proceedings of the 2014 International Symposium on Performance Analysis of Systems and Software},
  year      = {2014},
}

@inproceedings{komuravelli:stash,
  author    = {Rakesh Komuravelli and
               Matthew D. Sinclair and
               Johnathan Alsop and
               Muhammad Huzaifa and
               Maria Kotsifakou and
               Prakalp Srivastava and
               Sarita V. Adve and
               Vikram S. Adve},
  title     = {Stash: have your scratchpad and cache it too},
  booktitle = {Proceedings of the 2015 Annual International Symposium on Computer
               Architecture},
  year      = {2015},
}

@inproceedings {mirzadeh:sort,
	title = {Sort vs. Hash Join Revisited for Near-Memory Execution},
	booktitle = {Proceedings of the 2015 International Workshop on Architectures and Systems for Big Data},
	year = {2015},
	author = {Nooshin Mirzadeh and Onur Ko{\c{c}}berber and Babak Falsafi and Boris Grot},
}

@inproceedings{yaniv:hash,
 author = {Yaniv, Idan and Tsafrir, Dan},
 title = {Hash, Don'T Cache (the Page Table)},
 booktitle = {Proceedings of the 2016 International Conference on Measurement and Modeling of Computer Science},
 year = {2016},
} 


@inproceedings{ahn:pim-enabled,
  author    = {Junwhan Ahn and
               Sungjoo Yoo and
               Onur Mutlu and
               Kiyoung Choi},
  title     = {{PIM}-enabled instructions: a low-overhead, locality-aware processing-in-memory
               architecture},
  booktitle = {Proceedings of the 2015 International Symposium on Computer
               Architecture},
  year      = {2015},
}

@inproceedings{fraguela:programming,
  author    = {Basilio B. Fraguela and
               Jose Renau and
               Paul Feautrier and
               David A. Padua and
               Josep Torrellas},
  title     = {Programming the {FlexRAM} parallel intelligent memory system},
  booktitle = {Proceedings of the 2003 Symposium on Principles and Practice
               of Parallel Programming},
  year      = {2003},
}

@inproceedings{wood:in-cache,
  author    = {David A. Wood and
               Susan J. Eggers and
               Garth A. Gibson and
               Mark D. Hill and
               Joan M. Pendleton and
               Scott A. Ritchie and
               George S. Taylor and
               Randy H. Katz and
               David A. Patterson},
  title     = {An In-Cache Address Translation Mechanism},
  booktitle = {Proceedings of the 1986 Annual Symposium on Computer Architecture},
  year      = {1986},
}

@inproceedings{oskin:software-managed,
 author = {Oskin, Mark and Loh, Gabriel H.},
 title = {A Software-Managed Approach to Die-Stacked DRAM},
 booktitle = {Proceedings of the 2015 International Conference on Parallel Architecture and Compilation},
 year = {2015},
} 

@inproceedings{papadopoulou:prediction-based,
  author    = {Misel{-}Myrto Papadopoulou and
               Xin Tong and
               Andr{\'{e}} Seznec and
               Andreas Moshovos},
  title     = {Prediction-based superpage-friendly {TLB} designs},
  booktitle = {Proceedings of the 2015 International Symposium on High Performance Computer Architecture},
  year      = {2015},
}

@inproceedings{navarro:practical,
  author    = {Juan Navarro and
               Sitaram Iyer and
               Peter Druschel and
               Alan L. Cox},
  title     = {Practical, Transparent Operating System Support for Superpages},
  booktitle = {Proceedings of the 2002 Symposium on Operating System Design and Implementation},
  year      = {2002},
}

@inproceedings{talluri:surpassing,
 author = {Talluri, Madhusudhan and Hill, Mark D.},
 title = {Surpassing the {TLB} Performance of Superpages with Less Operating System Support},
 booktitle = {Proceedings of the 1994 International Conference on Architectural Support for Programming Languages and Operating Systems},
 year = {1994},
}

@inproceedings{wilcox:28nm,
  author    = {Kathryn Wilcox and
               David Akeson and
               Harry R. Fair III and
               Jim Farrell and
               Dave Johnson and
               Guhan Krishnan and
               Hugh McIntyre and
               Edward McLellan and
               Samuel Naffziger and
               Russell Schreiber and
               Sriram Sundaram and
               Jonathan White},
  title     = {4.8 {A} 28nm x86 {APU} optimized for power and area efficiency},
  booktitle = {Proceedings of the 2015 International Solid-State Circuits Conference},
  year      = {2015},
}

@inproceedings{drumond:mondrian,
  author    = {Mario Drumond and
               Alexandros Daglis and
               Nooshin Mirzadeh and
               Dmitrii Ustiugov and
               Javier Picorel and
               Babak Falsafi and
               Boris Grot and
               Dionisios N. Pnevmatikatos},
  title     = {The Mondrian Data Engine},
  booktitle = {Proceedings of the 2017 Annual International Symposium on Computer
               Architecture},
  year      = {2017},
}

@inproceedings{gao:practical,
  author    = {Mingyu Gao and
               Grant Ayers and
               Christos Kozyrakis},
  title     = {Practical Near-Data Processing for In-Memory Analytics Frameworks},
  booktitle = {Proceedings of the 2015 International Conference on Parallel Architecture and Compilation},
  year      = {2015},
}


@article{jacob:uniprocessor,
  author    = {Bruce L. Jacob and
               Trevor N. Mudge},
  title     = {Uniprocessor Virtual Memory without TLBs},
  journal   = {{IEEE} Trans. Computers},
  volume    = {50},
  number    = {5},
  year      = {2001},
  }

@article{jacob:virtual,
  author    = {Bruce L. Jacob and
               Trevor N. Mudge},
  title     = {Virtual Memory: Issues of Implementation},
  journal   = {{IEEE} Computer},
  volume    = {31},
  number    = {6},
  year      = {1998},
}

@article{lee:simultaneous,
 author = {Lee, Donghyuk and Ghose, Saugata and Pekhimenko, Gennady and Khan, Samira and Mutlu, Onur},
 title = {Simultaneous Multi-Layer Access: Improving 3D-Stacked Memory Bandwidth at Low Cost},
 journal = {ACM Trans. Archit. Code Optim.},
 issue_date = {January 2016},
 volume = {12},
 number = {4},
 month = jan,
 year = {2016},
} 

@inproceedings{talluri:pagetable,
 author = {Talluri, Madhusudhan and Hill, Mark D. and Khalidi, Yousef A.},
 title = {A New Page Table for 64-bit Address Spaces},
 booktitle = {Proceedings of the 1995 Symposium on Operating Systems Principles},
 year = {1995},
}

@book{deitel:inside,
 author = {Harvey, Deitel},
 title = {Inside OS/2},
 year = {1990},
 isbn = {0470343435, 9780470343432},
 publisher = {Addison-Wesley.},
 address = {Reading, MA},
}

@inproceedings{cheng:virtual,
  author    = {Ray Cheng},
  title     = {Virtual Address Cache in UNIX},
  booktitle = {Proceedings of the Summer 1987 USENIX Technical Conf.},
  year      = {1987},
}

@article{cekleov:virtual1,
 author = {Cekleov, Michel and Dubois, Michel},
 title = {Virtual-Address Caches Part 1: Problems and Solutions in Uniprocessors},
 journal = {IEEE Micro},
 issue_date = {September 1997},
 volume = {17},
 number = {5},
 year = {1997},
}

@article{cekleov:virtual2,
 author = {Cekleov, Michel and Dubois, Michel},
 title = {Virtual-Address Caches, Part 2: Multiprocessor Issues},
 journal = {IEEE Micro},
 issue_date = {November 1997},
 volume = {17},
 number = {6},
 year = {1997},
}

@InProceedings{gulur:bimodal,
  title= {Bi-Modal {DRAM} Cache: Improving Hit Rate, Hit Latency and Bandwidth},
  author={Gulur, Nagendra and Govindarajan, R. and Manikantan, Raman and Mehendale, Mahesh},
  booktitle = {Proceedings of the 2014 International Symposium on Microarchitecture},
  year = {2014},
}

@inproceedings{towles:unifying,
  author    = {Brian Towles and
               J. P. Grossman and
               Brian Greskamp and
               David E. Shaw},
  title     = {Unifying on-chip and inter-node switching within the Anton 2 network},
  booktitle = {Proceedings of the 2014 International Symposium on Computer Architecture},
  year      = {2014},
}

@inproceedings{barr:spectlb,
 author = {Barr, Thomas W. and Cox, Alan L. and Rixner, Scott},
 title = {{SpecTLB}: A Mechanism for Speculative Address Translation},
 booktitle = {Proceedings of the 2011 International Symposium on Computer Architecture},
 year = {2011},
}

@inproceedings{park:efficient,
	author = {Park, Hang H. and Taekyung, Heo and Huh, Jaehyuk},
	title = {Efficient Synonym Filtering and Scalable Delayed Translation for Hybrid Virtual Caching},
	booktitle = {Proceedings of the 2016 International Symposium on Computer Architecture},
	year = {2016},
}

@inproceedings{jeon:predictive,
	author    = {Myeongjae Jeon and
	Saehoon Kim and
	Seung{-}won Hwang and
	Yuxiong He and
	Sameh Elnikety and
	Alan L. Cox and
	Scott Rixner},
	title     = {Predictive parallelization: taming tail latencies in web search},
	booktitle = {Proceedings of the 2014 International {ACM} {SIGIR} Conference on Research and Development in Information Retrieval},
	year      = {2014},
}

@article{hughes:memory-side,
 author = {Hughes, Christopher J. and Adve, Sarita V.},
 title = {Memory-side Prefetching for Linked Data Structures for Processor-in-memory Systems},
 journal = {J. Parallel Distrib. Comput.},
 volume = {65},
 number = {4},
 year = {2005},
}

@inproceedings{roth:dependence,
 author = {Roth, Amir and Moshovos, Andreas and Sohi, Gurindar S.},
 title = {Dependence Based Prefetching for Linked Data Structures},
 booktitle = {Proceedings of the 1998 International Conference on Architectural Support for Programming Languages and Operating Systems},
 year = {1998},
}

@inproceedings{luk:compiler-based,
 author = {Luk, Chi-Keung and Mowry, Todd C.},
 title = {Compiler-based Prefetching for Recursive Data Structures},
 booktitle = {Proceedings of the 1996 International Conference on Architectural Support for Programming Languages and Operating Systems},
 year = {1996},
}

@inproceedings{david:asynchronized,
 author = {David, Tudor and Guerraoui, Rachid and Trigonakis, Vasileios},
 title = {Asynchronized Concurrency: The Secret to Scaling Concurrent Search Data Structures},
 booktitle = {Proceedings of the 2015 International Conference on Architectural Support for Programming Languages and Operating Systems},
 year = {2015},
}

@inproceedings{bronson:tao,
  author    = {Nathan Bronson and
               Zach Amsden and
               George Cabrera and
               Prasad Chakka and
               Peter Dimov and
               Hui Ding and
               Jack Ferris and
               Anthony Giardullo and
               Sachin Kulkarni and
               Harry C. Li and
               Mark Marchukov and
               Dmitri Petrov and
               Lovro Puzar and
               Yee Jiun Song and
               Venkateshwaran Venkataramani},
  title     = {{TAO:} Facebook's Distributed Data Store for the Social Graph},
  booktitle = {Proceedings of the 2013 Annual Technical Conference},
  year      = {2013},
}

@inproceedings{saulsbury:recently-based,
 author = {Saulsbury, Ashley and Dahlgren, Fredrik and Stenstr\"{o}m, Per},
 title = {Recency-based {TLB} Preloading},
 booktitle = {Proceedings of the 2000 International Symposium on Computer Architecture},
 year = {2000},
}

@inproceedings{daglis:manycore,
  author    = {Alexandros Daglis and
               Stanko Novakovic and
               Edouard Bugnion and
               Babak Falsafi and
               Boris Grot},
  title     = {Manycore network interfaces for in-memory rack-scale computing},
  booktitle = {Proceedings of the 2015 Annual International Symposium on Computer
               Architecture},
  year      = {2015},
}

@inproceedings{kim:neurocube,
 author = {Kim, Duckhwan and Kung, Jaeha and Chai, Sek and Yalamanchili, Sudhakar and Mukhopadhyay, Saibal},
 title = {Neurocube: A Programmable Digital Neuromorphic Architecture with High-density 3D Memory},
 booktitle = {Proceedings of the 2016 International Symposium on Computer Architecture},
 year = {2016},
} 

@book{cormen:introduction,
  author    = {Thomas H. Cormen and
               Charles E. Leiserson and
               Ronald L. Rivest and
               Clifford Stein},
  title     = {Introduction to Algorithms {(3.} ed.)},
  publisher = {{MIT} Press},
  year      = {2009},
}

@inproceedings{qureshi:fundamental,
 author = {Qureshi, Moinuddin K. and Loh, Gabe H.},
 title = {Fundamental Latency Trade-off in Architecting {DRAM} Caches: Outperforming Impractical SRAM-Tags with a Simple and Practical Design},
 booktitle = {Proceedings of the 2012 International Symposium on Microarchitecture},
 year = {2012},
}

@misc{lea:overview,
    author =  "Doug Lea",
    title = "{Overview of package util.concurrent Release
1.3.4.}",
    howpublished = {\url{http://gee.cs.oswego.edu/dl/classes/EDU/ oswego/cs/dl/util/concurrent/intro.html}},
     year      = {2003},
}

@inproceedings{chou:cameo,
  author    = {Chia{-}Chen Chou and
               Aamer Jaleel and
               Moinuddin K. Qureshi},
  title     = {{CAMEO:} {A} Two-Level Memory Organization with Capacity of Main Memory
               and Flexibility of Hardware-Managed Cache},
  booktitle = {Proceedings of the 2014 International Symposium on Microarchitecture},
  year      = {2014},
}


@inproceedings{fraser:practical,
  author    = {Keir Fraser},
  title     = {Practical Lock-Freedom},
  booktitle = {PhD thesis, University of Cambridge},
  year      = {2004},
}

@inproceedings{howley:non-blocking,
 author = {Howley, Shane V. and Jones, Jeremy},
 title = {A Non-blocking Internal Binary Search Tree},
 booktitle = {Proceedings of the 2012 Annual Symposium on Parallelism in Algorithms and Architectures},
 year = {2012},
}

@inproceedings{natarajan:fast,
 author = {Natarajan, Aravind and Mittal, Neeraj},
 title = {Fast Concurrent Lock-free Binary Search Trees},
 booktitle = {Proceedings of the 2014 Symposium on Principles and Practice of Parallel Programming},
 year = {2014},
}

@article{gandhi:badgertrap,
 author = {Gandhi, Jayneel and Basu, Arkaprava and Hill, Mark D. and Swift, Michael M.},
 title = {BadgerTrap: A Tool to Instrument x86-64 TLB Misses},
 journal = {SIGARCH Comput. Archit. News},
 volume = {42},
 number = {2},
 month = sep,
 year = {2014},
 pages = {20--23},
 numpages = {4},
} 
